% Bibliography of key references for "LaTeX for Thesis and Large Documents"
% For use with BibTeX
@article{czarnecki2000generative,
	title={Generative programming},
	author={Czarnecki, Krzysztof and Eisenecker, Ulrich W},
	journal={Edited by G. Goos, J. Hartmanis, and J. van Leeuwen},
	pages={15},
	year={2000},
	publisher={Springer}
}

@inproceedings{knijnenburg2002iterative,
	title={Iterative compilation},
	author={Knijnenburg, Peter MW and Kisuki, Toru and Oâ€™Boyle, Michael FP},
	booktitle={Embedded processor design challenges},
	pages={171--187},
	year={2002},
	organization={Springer}
}

@article{bajovs2013code,
	title={Code Generation from UML Model: State of the Art and Practical Implications},
	author={Bajovs, Andrejs and Nikiforova, Oksana and Sejans, Janis},
	journal={Applied Computer Systems},
	volume={14},
	number={1},
	pages={9--18},
	year={2013}
}

@book{hunt2000pragmatic,
	title={The pragmatic programmer: from journeyman to master},
	author={Hunt, Andrew and Thomas, David},
	year={2000},
	publisher={Addison-Wesley Professional}
}

@article{fertalj2008source,
	title={A source code generator based on uml specification},
	author={Fertalj, Kresimir and Brcic, Mario},
	journal={International journal of computers and communications},
	number={1},
	pages={10--19},
	year={2008}
}

@inproceedings{pais2005tool,
	title={A tool for tailored code generation from Petri net models},
	author={Pais, Rui and Barros, SP and Gomes, Lu{\'\i}s},
	booktitle={2005 IEEE Conference on Emerging Technologies and Factory Automation},
	volume={1},
	pages={8--pp},
	year={2005},
	organization={IEEE}
}

@inproceedings{amanquah2009rapid,
	title={Rapid application development for mobile terminals},
	author={Amanquah, N and Eporwei, OT},
	booktitle={2009 2nd International Conference on Adaptive Science \& Technology (ICAST)},
	pages={410--417},
	year={2009},
	organization={IEEE}
}

@article{chafi2011domain,
	title={A domain-specific approach to heterogeneous parallelism},
	author={Chafi, Hassan and Sujeeth, Arvind K and Brown, Kevin J and Lee, HyoukJoong and Atreya, Anand R and Olukotun, Kunle},
	journal={ACM SIGPLAN Notices},
	volume={46},
	number={8},
	pages={35--46},
	year={2011},
	publisher={ACM}
}

@inproceedings{chafi2010language,
	title={Language virtualization for heterogeneous parallel computing},
	author={Chafi, Hassan and DeVito, Zach and Moors, Adriaan and Rompf, Tiark and Sujeeth, Arvind K and Hanrahan, Pat and Odersky, Martin and Olukotun, Kunle},
	booktitle={ACM Sigplan Notices},
	volume={45},
	number={10},
	pages={835--847},
	year={2010},
	organization={ACM}
}

@techreport{hou2010spap,
	title={SPAP: A programming language for heterogeneous many-core systems},
	author={Hou, Qiming and Zhou, Kun and Guo, Baining},
	year={2010},
	institution={Technical report, Zhejiang University Graphics and Parallel Systems Lab}
}

@inproceedings{ghazi2015heterogeneous,
	title={Heterogeneous Systems Testing Techniques: An Exploratory Survey},
	author={Ghazi, Ahmad Nauman and Petersen, Kai and B{\"o}rstler, J{\"u}rgen},
	booktitle={International Conference on Software Quality},
	pages={67--85},
	year={2015},
	organization={Springer}
}

@inproceedings{acher2014software,
	title={Software Diversity: Challenges to handle the imposed, Opportunities to harness the chosen},
	author={Acher, Mathieu and Barais, Olivier and Baudry, Benoit and Blouin, Arnaud and Bourcier, Johann and Combemale, Benoit and J{\'e}z{\'e}quel, Jean-Marc and Plouzeau, No{\"e}l},
	booktitle={GDR GPL},
	year={2014}
}
@book{herrington2003code,
	title={Code generation in action},
	author={Herrington, Jack},
	year={2003},
	publisher={Manning Publications Co.}
}

@inproceedings{fumero2015runtime,
	title={Runtime Code Generation and Data Management for Heterogeneous Computing in Java},
	author={Fumero, Juan Jos{\'e} and Remmelg, Toomas and Steuwer, Michel and Dubach, Christophe},
	booktitle={Proceedings of the Principles and Practices of Programming on The Java Platform},
	pages={16--26},
	year={2015},
	organization={ACM}
}
@inproceedings{fursin2008milepost,
	title={MILEPOST GCC: machine learning based research compiler},
	author={Fursin, Grigori and Miranda, Cupertino and Temam, Olivier and Namolaru, Mircea and Yom-Tov, Elad and Zaks, Ayal and Mendelson, Bilha and Bonilla, Edwin and Thomson, John and Leather, Hugh and others},
	booktitle={GCC Summit},
	year={2008}
}
@article{fertalj2008source,
	title={A source code generator based on uml specification},
	author={Fertalj, Kresimir and Brcic, Mario},
	journal={International journal of computers and communications},
	number={1},
	pages={10--19},
	year={2008}
}

@book{herrington2003code,
	title={Code generation in action},
	author={Herrington, Jack},
	year={2003},
	publisher={Manning Publications Co.}
}
@inproceedings{yang2011finding,
	title={Finding and understanding bugs in C compilers},
	author={Yang, Xuejun and Chen, Yang and Eide, Eric and Regehr, John},
	booktitle={ACM SIGPLAN Notices},
	volume={46},
	number={6},
	pages={283--294},
	year={2011},
	organization={ACM}
}

@article{mckeeman1998differential,
	title={Differential testing for software},
	author={McKeeman, William M},
	journal={Digital Technical Journal},
	volume={10},
	number={1},
	pages={100--107},
	year={1998}
}

@article{stuermer2007systematic,
	title={Systematic testing of model-based code generators},
	author={Stuermer, Ingo and Conrad, Mirko and Doerr, Heiko and Pepper, Peter},
	journal={IEEE Transactions on Software Engineering},
	volume={33},
	number={9},
	pages={622},
	year={2007},
	publisher={IEEE Computer Society}
}

@inproceedings{guana2014chaintracker,
	title={ChainTracker, a Model-Transformation Trace Analysis Tool for Code-Generation Environments.},
	author={Guana, Victor and Stroulia, Eleni},
	booktitle={ICMT},
	pages={146--153},
	year={2014},
	organization={Springer}
}

@inproceedings{pan2006fast,
	title={Fast and effective orchestration of compiler optimizations for automatic performance tuning},
	author={Pan, Zhelong and Eigenmann, Rudolf},
	booktitle={International Symposium on Code Generation and Optimization (CGO'06)},
	pages={12--pp},
	year={2006},
	organization={IEEE}
}

@article{delgado2004taxonomy,
	title={A taxonomy and catalog of runtime software-fault monitoring tools},
	author={Delgado, Nelly and Gates, Ann Q and Roach, Steve},
	journal={IEEE Transactions on software Engineering},
	volume={30},
	number={12},
	pages={859--872},
	year={2004},
	publisher={IEEE}
}
@article{baudry2015multiple,
	title={The multiple facets of software diversity: Recent developments in year 2000 and beyond},
	author={Baudry, Benoit and Monperrus, Martin},
	journal={ACM Computing Surveys (CSUR)},
	volume={48},
	number={1},
	pages={16},
	year={2015},
	publisher={ACM}
}
@article{schaefer2012software,
	title={Software diversity: state of the art and perspectives},
	author={Schaefer, Ina and Rabiser, Rick and Clarke, Dave and Bettini, Lorenzo and Benavides, David and Botterweck, Goetz and Pathak, Animesh and Trujillo, Salvador and Villela, Karina},
	journal={International Journal on Software Tools for Technology Transfer},
	volume={14},
	number={5},
	pages={477--495},
	year={2012},
	publisher={Springer}
}

@inproceedings{guana2015developers,
	title={How Do Developers Solve Software-engineering Tasks on Model-based Code Generators? An Empirical Study Design},
	author={Guana, Victor and Stroulia, Eleni},
	booktitle={First International Workshop on Human Factors in Modeling (HuFaMo 2015). CEUR-WS},
	pages={33--38},
	year={2015}
}

@inproceedings{france2007model,
	title={Model-driven development of complex software: A research roadmap},
	author={France, Robert and Rumpe, Bernhard},
	booktitle={2007 Future of Software Engineering},
	pages={37--54},
	year={2007},
	organization={IEEE Computer Society}
}

@inproceedings{he2010computer,
	title={Computer architecture education in multicore era: Is the time to change},
	author={He, Liqiang},
	booktitle={Computer Science and Information Technology (ICCSIT), 2010 3rd IEEE International Conference on},
	volume={9},
	pages={724--728},
	year={2010},
	organization={IEEE}
}

@inproceedings{cao2012yin,
	title={The yin and yang of power and performance for asymmetric hardware and managed software},
	author={Cao, Ting and Blackburn, Stephen M and Gao, Tiejun and McKinley, Kathryn S},
	booktitle={ACM SIGARCH Computer Architecture News},
	volume={40},
	number={3},
	pages={225--236},
	year={2012},
	organization={IEEE Computer Society}
}

@inproceedings{betz2011improving,
	title={Improving the Development Tool Chain in the Context of Petri Net-Based Software Development.},
	author={Betz, Tobias and Cabac, Lawrence and G{\"u}ttler, Matthias},
	booktitle={PNSE},
	pages={167--178},
	year={2011},
	organization={Citeseer}
}

@book{Czarnecki:2000:GPM:345203,
	author = {Czarnecki, Krzysztof and Eisenecker, Ulrich W.},
	title = {Generative Programming: Methods, Tools, and Applications},
	year = {2000},
	isbn = {0-201-30977-7},
	publisher = {ACM Press/Addison-Wesley Publishing Co.},
	address = {New York, NY, USA},
} 


@incollection{czarnecki2005overview,
	title={Overview of generative software development},
	author={Czarnecki, Krzysztof},
	booktitle={Unconventional Programming Paradigms},
	pages={326--341},
	year={2005},
	publisher={Springer}
}


@inproceedings{france2007model,
	title={Model-driven development of complex software: A research roadmap},
	author={France, Robert and Rumpe, Bernhard},
	booktitle={2007 Future of Software Engineering},
	pages={37--54},
	year={2007},
	organization={IEEE Computer Society}
}

@article{mckeeman1998differential,
	title={Differential testing for software},
	author={McKeeman, William M},
	journal={Digital Technical Journal},
	volume={10},
	number={1},
	pages={100--107},
	year={1998}
}

@inproceedings{yang2011finding,
	title={Finding and understanding bugs in C compilers},
	author={Yang, Xuejun and Chen, Yang and Eide, Eric and Regehr, John},
	booktitle={ACM SIGPLAN Notices},
	volume={46},
	number={6},
	pages={283--294},
	year={2011},
	organization={ACM}
}

@article{stepasyuk2015evaluating,
	title={Evaluating the Haxe Programming Language-Performance comparison between Haxe and platform-specific languages},
	author={Stepasyuk, Stepan and Paunov, Yavor},
	year={2015}
}
@book{dasnois2011haxe,
	title={HaXe 2 Beginner's Guide},
	author={Dasnois, Benjamin},
	year={2011},
	publisher={Packt Publishing Ltd}
}
@article{luotowards,
	title={Towards a Deployment System for Cloud Applications},
	author={Luo, Ruici and Ye, Wei and Zhang, Shikun}
}
@article{sun2016roar,
	title={ROAR: A QoS-oriented modeling framework for automated cloud resource allocation and optimization},
	author={Sun, Yu and White, Jules and Eade, Sean and Schmidt, Douglas C},
	journal={Journal of Systems and Software},
	volume={116},
	pages={146--161},
	year={2016},
	publisher={Elsevier}
}

@inproceedings{li2015rest,
	title={A REST Service Framework for Fine-Grained Resource Management in Container-Based Cloud},
	author={Li, Li and Tang, Tony and Chou, Wu},
	booktitle={2015 IEEE 8th International Conference on Cloud Computing},
	pages={645--652},
	year={2015},
	organization={IEEE}
}

@inproceedings{soltesz2007container,
	title={Container-based operating system virtualization: a scalable, high-performance alternative to hypervisors},
	author={Soltesz, Stephen and P{\"o}tzl, Herbert and Fiuczynski, Marc E and Bavier, Andy and Peterson, Larry},
	booktitle={ACM SIGOPS Operating Systems Review},
	volume={41},
	number={3},
	pages={275--287},
	year={2007},
	organization={ACM}
}

@article{hartmann2011cross,
	title={Cross-platform mobile development},
	author={Hartmann, Gustavo and Stead, Geoff and DeGani, Asi},
	journal={Mobile Learning Environment, Cambridge},
	pages={1--18},
	year={2011}
}

@article{pazirandeh2015evaluation,
	title={Evaluation of cross-platform tools for mobile development},
	author={Pazirandeh, Alireza and Vorobyeva, Evelina},
	year={2015}
}

@inproceedings{richard2013efficient,
	title={Efficient high-level abstractions for web programming},
	author={Richard-Foy, Julien and Barais, Olivier and J{\'e}z{\'e}quel, Jean-Marc},
	booktitle={ACM SIGPLAN Notices},
	volume={49},
	number={3},
	pages={53--60},
	year={2013},
	organization={ACM}
}

@article{vstrekelj2015performance,
	title={Performance Overhead of Haxe Programming Language for Cross-Platform Game Development},
	author={{\v{S}}trekelj, Domagoj and Leventi{\'c}, Hrvoje and Gali{\'c}, Irena},
	journal={International Journal of Electrical and Computer Engineering Systems},
	volume={6},
	number={1},
	pages={9--13},
	year={2015},
	publisher={Elektrotehni{\v{c}}ki fakultet Sveu{\v{c}}ili{\v{s}}ta JJ Strossmayera u Osijeku}
}

@inproceedings{guana2015developers,
	title={How Do Developers Solve Software-engineering Tasks on Model-based Code Generators? An Empirical Study Design},
	author={Guana, Victor and Stroulia, Eleni},
	booktitle={First International Workshop on Human Factors in Modeling (HuFaMo 2015). CEUR-WS},
	pages={33--38},
	year={2015}
}

@inproceedings{pan2006fast,
	title={Fast and effective orchestration of compiler optimizations for automatic performance tuning},
	author={Pan, Zhelong and Eigenmann, Rudolf},
	booktitle={International Symposium on Code Generation and Optimization (CGO'06)},
	pages={12--pp},
	year={2006},
	organization={IEEE}
}

@inproceedings{guana2014chaintracker,
	title={ChainTracker, a Model-Transformation Trace Analysis Tool for Code-Generation Environments.},
	author={Guana, Victor and Stroulia, Eleni},
	booktitle={ICMT},
	pages={146--153},
	year={2014},
	organization={Springer}
}

@article{delgado2004taxonomy,
	title={A taxonomy and catalog of runtime software-fault monitoring tools},
	author={Delgado, Nelly and Gates, Ann Q and Roach, Steve},
	journal={IEEE Transactions on software Engineering},
	volume={30},
	number={12},
	pages={859--872},
	year={2004},
	publisher={IEEE}
}

@inproceedings{jorges2014back,
	title={Back-To-Back Testing of Model-Based Code Generators},
	author={J{\"o}rges, Sven and Steffen, Bernhard},
	booktitle={International Symposium On Leveraging Applications of Formal Methods, Verification and Validation},
	pages={425--444},
	year={2014},
	organization={Springer}
}

@article{stuermer2007systematic,
	title={Systematic testing of model-based code generators},
	author={Stuermer, Ingo and Conrad, Mirko and Doerr, Heiko and Pepper, Peter},
	journal={IEEE Transactions on Software Engineering},
	volume={33},
	number={9},
	pages={622},
	year={2007},
	publisher={IEEE Computer Society}
}

@inproceedings{sturmer2005overview,
	title={Overview of existing safeguarding techniques for automatically generated code},
	author={St{\"u}rmer, Ingo and Weinberg, Daniela and Conrad, Mirko},
	booktitle={ACM SIGSOFT Software Engineering Notes},
	volume={30},
	number={4},
	pages={1--6},
	year={2005},
	organization={ACM}
}

@inproceedings{demertzi2011analyzing,
	title={Analyzing the effects of compiler optimizations on application reliability},
	author={Demertzi, Melina and Annavaram, Murali and Hall, Mary},
	booktitle={Workload Characterization (IISWC), 2011 IEEE International Symposium on},
	pages={184--193},
	year={2011},
	organization={IEEE}
}

@inproceedings{rastogi2015safe,
	title={Safe \& efficient gradual typing for TypeScript},
	author={Rastogi, Aseem and Swamy, Nikhil and Fournet, C{\'e}dric and Bierman, Gavin and Vekris, Panagiotis},
	booktitle={ACM SIGPLAN Notices},
	volume={50},
	number={1},
	pages={167--180},
	year={2015},
	organization={ACM}
}

@inproceedings{fleurey2011mde,
	title={MDE to manage communications with and between resource-constrained systems},
	author={Fleurey, Franck and Morin, Brice and Solberg, Arnor and Barais, Olivier},
	booktitle={International Conference on Model Driven Engineering Languages and Systems},
	pages={349--363},
	year={2011},
	organization={Springer}
}
@inproceedings{jouault2005transforming,
	title={Transforming models with ATL},
	author={Jouault, Fr{\'e}d{\'e}ric and Kurtev, Ivan},
	booktitle={International Conference on Model Driven Engineering Languages and Systems},
	pages={128--138},
	year={2005},
	organization={Springer}
}

@article{merkel2014docker,
	title={Docker: lightweight linux containers for consistent development and deployment},
	author={Merkel, Dirk},
	journal={Linux Journal},
	volume={2014},
	number={239},
	pages={2},
	year={2014},
	publisher={Belltown Media}
}

@article{musset2006acceleo,
	title={Acceleo user guide},
	author={Musset, Jonathan and Juliot, {\'E}tienne and Lacrampe, St{\'e}phane and Piers, William and Brun, C{\'e}dric and Goubet, Laurent and Lussaud, Yvan and Allilaire, Freddy},
	journal={See also http://acceleo. org/doc/obeo/en/acceleo-2.6-user-guide. pdf},
	volume={2},
	year={2006}
}

@inproceedings{bragancca2008transformation,
	title={Transformation patterns for multi-staged model driven software development},
	author={Bragan{\c{c}}a, Alexandre and Machado, Ricardo J},
	booktitle={Software Product Line Conference, 2008. SPLC'08. 12th International},
	pages={329--338},
	year={2008},
	organization={IEEE}
}

@inproceedings{czarnecki2003classification,
	title={Classification of model transformation approaches},
	author={Czarnecki, Krzysztof and Helsen, Simon},
	booktitle={Proceedings of the 2nd OOPSLA Workshop on Generative Techniques in the Context of the Model Driven Architecture},
	volume={45},
	number={3},
	pages={1--17},
	year={2003},
	organization={USA}
}

@inproceedings{nethercote2007valgrind,
	title={Valgrind: a framework for heavyweight dynamic binary instrumentation},
	author={Nethercote, Nicholas and Seward, Julian},
	booktitle={ACM Sigplan notices},
	volume={42},
	number={6},
	pages={89--100},
	year={2007},
	organization={ACM}
}

@inproceedings{spoiala2016performance,
	title={Performance comparison of a WebRTC server on Docker versus Virtual Machine},
	author={Spoiala, Cristian Constantin and Calinciuc, Alin and Turcu, Corneliu Octavian and Filote, Constantin},
	booktitle={2016 International Conference on Development and Application Systems (DAS)},
	pages={295--298},
	year={2016},
	organization={IEEE}
}

@article{brambilla2012model,
	title={Model-driven software engineering in practice},
	author={Brambilla, Marco and Cabot, Jordi and Wimmer, Manuel},
	journal={Synthesis Lectures on Software Engineering},
	volume={1},
	number={1},
	pages={1--182},
	year={2012},
	publisher={Morgan \& Claypool Publishers}
}

@inproceedings{hundt2011loop,
	added-at = {2016-02-11T18:07:52.000+0100},
	author = {Hundt, Robert},
	booktitle = {Proceedings of Scala Days 2011},
	keywords = {Benchmark Benchmarking CrossLanguage Loop Performance Scala},
	location = {Stanford, CA, USA},
	month = {June},
	numpages = {10},
	timestamp = {2016-02-11T18:08:17.000+0100},
	title = {Loop Recognition in C++/Java/Go/Scala},
	year = 2011
}

@article{almagor2004finding,
	title={Finding effective compilation sequences},
	author={Almagor, Lelac and Cooper, Keith D and Grosul, Alexander and Harvey, Timothy J and Reeves, Steven W and Subramanian, Devika and Torczon, Linda and Waterman, Todd},
	journal={ACM SIGPLAN Notices},
	volume={39},
	number={7},
	pages={231--239},
	year={2004},
	publisher={ACM}
}
@inproceedings{sayyad2013pareto,
	title={Pareto-optimal search-based software engineering (POSBSE): A literature survey},
	author={Sayyad, Abdel Salam and Ammar, Hany},
	booktitle={Realizing Artificial Intelligence Synergies in Software Engineering (RAISE), 2013 2nd International Workshop on},
	pages={21--27},
	year={2013},
	organization={IEEE}
}
@Misc{mboussaa,
	howpublished = {\url{https://noticegcc.wordpress.com/}},
	title = {NOTICE Settings}
}
@inproceedings{lokuciejewski2010multi,
	title={Multi-objective exploration of compiler optimizations for real-time systems},
	author={Lokuciejewski, Paul and Plazar, Sascha and Falk, Heiko and Marwedel, Peter and Thiele, Lothar},
	booktitle={Object/Component/Service-Oriented Real-Time Distributed Computing (ISORC), 2010 13th IEEE International Symposium on},
	pages={115--122},
	year={2010},
	organization={IEEE}
}
@article{martinez2014multi,
	title={Multi-objective adaptive evolutionary strategy for tuning compilations},
	author={Mart{\'\i}nez-{\'A}lvarez, Antonio and Calvo-Zaragoza, Jorge and Cuenca-Asensi, Sergio and Ortiz, Andr{\'e}s and Jimeno-Morenilla, Antonio},
	journal={Neurocomputing},
	volume={123},
	pages={381--389},
	year={2014},
	publisher={Elsevier}
}

@article{cooper2002adaptive,
	title={Adaptive optimizing compilers for the 21st century},
	author={Cooper, Keith D and Subramanian, Devika and Torczon, Linda},
	journal={The Journal of Supercomputing},
	volume={23},
	number={1},
	pages={7--22},
	year={2002},
	publisher={Springer}
}
@inproceedings{chen2016empirical,
	title={An empirical comparison of compiler testing techniques},
	author={Chen, Junjie and Hu, Wenxiang and Hao, Dan and Xiong, Yingfei and Zhang, Hongyu and Zhang, Lu and Xie, Bing},
	booktitle={Proceedings of the 38th International Conference on Software Engineering},
	year={2016}
}
@inproceedings{nethercote2007valgrind,
	title={Valgrind: a framework for heavyweight dynamic binary instrumentation},
	author={Nethercote, Nicholas and Seward, Julian},
	booktitle={ACM Sigplan notices},
	volume={42},
	number={6},
	pages={89--100},
	year={2007},
	organization={ACM}
}
@article{deb2002fast,
	title={A fast and elitist multiobjective genetic algorithm: NSGA-II},
	author={Deb, Kalyanmoy and Pratap, Amrit and Agarwal, Sameer and Meyarivan, TAMT},
	journal={Evolutionary Computation, IEEE Transactions on},
	volume={6},
	number={2},
	pages={182--197},
	year={2002},
	publisher={IEEE}
}
@book{deb2001multi,
	title={Multi-objective optimization using evolutionary algorithms},
	author={Deb, Kalyanmoy},
	volume={16},
	year={2001},
	publisher={John Wiley \& Sons}
}
@book{molyneaux2009art,
	title={The Art of Application Performance Testing: Help for Programmers and Quality Assurance},
	author={Molyneaux, Ian},
	year={2009},
	publisher={" O'Reilly Media, Inc."}
}
@inproceedings{le2014compiler,
	title={Compiler validation via equivalence modulo inputs},
	author={Le, Vu and Afshari, Mehrdad and Su, Zhendong},
	booktitle={ACM SIGPLAN Notices},
	volume={49},
	number={6},
	pages={216--226},
	year={2014},
	organization={ACM}
}

@inproceedings{nagai2013scaling,
	title={Scaling up size and number of expressions in random testing of arithmetic optimization of C compilers},
	author={Nagai, Eriko and Hashimoto, Atsushi and Ishiura, Nagisa},
	booktitle={Workshop on Synthesis And System Integration of Mixed Information Technologies (SASIMI 2013)},
	pages={88--93},
	year={2013}
}

@inproceedings{fursin2009collective,
	title={Collective tuning initiative: automating and accelerating development and optimization of computing systems},
	author={Fursin, Grigori},
	booktitle={GCC Developers' Summit},
	year={2009}
}

@inproceedings{yang2011finding,
	title={Finding and understanding bugs in C compilers},
	author={Yang, Xuejun and Chen, Yang and Eide, Eric and Regehr, John},
	booktitle={ACM SIGPLAN Notices},
	volume={46},
	number={6},
	pages={283--294},
	year={2011},
	organization={ACM}
}

@inproceedings{hoste2008cole,
	title={Cole: compiler optimization level exploration},
	author={Hoste, Kenneth and Eeckhout, Lieven},
	booktitle={Proceedings of the 6th annual IEEE/ACM international symposium on Code generation and optimization},
	pages={165--174},
	year={2008},
	organization={ACM}
}


@article{ballal2015compiler,
	title={Compiler Optimization: A Genetic Algorithm Approach},
	author={Ballal, Prathibha A and Sarojadevi, H and Harsha, PS},
	journal={International Journal of Computer Applications},
	volume={112},
	number={10},
	year={2015},
	publisher={Foundation of Computer Science}
}

@article{stuermer2007systematic,
	title={Systematic testing of model-based code generators},
	author={Stuermer, Ingo and Conrad, Mirko and Doerr, Heiko and Pepper, Peter},
	journal={Software Engineering, IEEE Transactions on},
	volume={33},
	number={9},
	pages={622--634},
	year={2007},
	publisher={IEEE}
}
@inproceedings{boussaa2015novelty,
	title={A Novelty Search Approach for Automatic Test Data Generation},
	author={Boussaa, Mohamed and Barais, Olivier and Suny{\'e}, Gerson and Baudry, Benoit},
	booktitle={8th International Workshop on Search-Based Software Testing SBST@ ICSE 2015},
	pages={4},
	year={2015}
}
@inproceedings{lehman2008exploiting,
	title={Exploiting Open-Endedness to Solve Problems Through the Search for Novelty.},
	author={Lehman, Joel and Stanley, Kenneth O},
	booktitle={ALIFE},
	pages={329--336},
	year={2008}
}
@article{risi2010evolving,
	title={Evolving plastic neural networks with novelty search},
	author={Risi, Sebastian and Hughes, Charles E and Stanley, Kenneth O},
	journal={Adaptive Behavior},
	volume={18},
	number={6},
	pages={470--491},
	year={2010},
	publisher={SAGE Publications}
}
@incollection{krvcah2012solving,
	title={Solving deceptive tasks in robot body-brain co-evolution by searching for behavioral novelty},
	author={Kr{\v{c}}ah, Peter},
	booktitle={Advances in Robotics and Virtual Reality},
	pages={167--186},
	year={2012},
	publisher={Springer}
}
@article{brambilla2012model,
	title={Model-driven software engineering in practice},
	author={Brambilla, Marco and Cabot, Jordi and Wimmer, Manuel},
	journal={Synthesis Lectures on Software Engineering},
	volume={1},
	number={1},
	pages={1--182},
	year={2012},
	publisher={Morgan \& Claypool Publishers}
}
@inproceedings{pan2006fast,
	title={Fast and effective orchestration of compiler optimizations for automatic performance tuning},
	author={Pan, Zhelong and Eigenmann, Rudolf},
	booktitle={Code Generation and Optimization, 2006. CGO 2006. International Symposium on},
	pages={12--pp},
	year={2006},
	organization={IEEE}
}


@article{inden2013examination,
	title={An examination of different fitness and novelty based selection methods for the evolution of neural networks},
	author={Inden, Benjamin and Jin, Yaochu and Haschke, Robert and Ritter, Helge and Sendhoff, Bernhard},
	journal={Soft Computing},
	volume={17},
	number={5},
	pages={753--767},
	year={2013},
	publisher={Springer}
}
@article{pallister2015identifying,
	title={Identifying compiler options to minimize energy consumption for embedded platforms},
	author={Pallister, James and Hollis, Simon J and Bennett, Jeremy},
	journal={The Computer Journal},
	volume={58},
	number={1},
	pages={95--109},
	year={2015},
	publisher={Br Computer Soc}
}

@article{chen2012deconstructing,
	title={Deconstructing iterative optimization},
	author={Chen, Yang and Fang, Shuangde and Huang, Yuanjie and Eeckhout, Lieven and Fursin, Grigori and Temam, Olivier and Wu, Chengyong},
	journal={ACM Transactions on Architecture and Code Optimization (TACO)},
	volume={9},
	number={3},
	pages={21},
	year={2012},
	publisher={ACM}
}

@inproceedings{nagiub2013automatic,
	title={Automatic selection of compiler options using genetic techniques for embedded software design},
	author={Nagiub, Mena and Farag, Wael},
	booktitle={Computational Intelligence and Informatics (CINTI), 2013 IEEE 14th International Symposium on},
	pages={69--74},
	year={2013},
	organization={IEEE}
}



@inproceedings{martins2014exploration,
	title={Exploration of compiler optimization sequences using clustering-based selection},
	author={Martins, Luiz GA and Nobre, Ricardo and Delbem, Alexandre CB and Marques, Eduardo and Cardoso, Jo{\~a}o MP},
	booktitle={Proceedings of the 2014 SIGPLAN/SIGBED conference on Languages, compilers and tools for embedded systems},
	pages={63--72},
	year={2014},
	organization={ACM}
}
@incollection{banzhaf1996effect,
	title={The effect of extensive use of the mutation operator on generalization in genetic programming using sparse data sets},
	author={Banzhaf, Wolfgang and Francone, Frank D and Nordin, Peter},
	booktitle={Parallel Problem Solving from Natureâ€”PPSN IV},
	pages={300--309},
	year={1996},
	publisher={Springer}
}

@inproceedings{chen2010evaluating,
	title={Evaluating iterative optimization across 1000 datasets},
	author={Chen, Yang and Huang, Yuanjie and Eeckhout, Lieven and Fursin, Grigori and Peng, Liang and Temam, Olivier and Wu, Chengyong},
	booktitle={ACM Sigplan Notices},
	volume={45},
	number={6},
	pages={448--459},
	year={2010},
	organization={ACM}
}



@incollection{kandemir2002compiler,
	title={Compiler optimizations for low power systems},
	author={Kandemir, Mahmut and Vijaykrishnan, N and Irwin, Mary Jane},
	booktitle={Power aware computing},
	pages={191--210},
	year={2002},
	publisher={Springer}
}

@incollection{valluri2001compiling,
	title={Is Compiling for Performanceâ€”Compiling for Power?},
	author={Valluri, Madhavi and John, Lizy K},
	booktitle={Interaction between Compilers and Computer Architectures},
	pages={101--115},
	year={2001},
	publisher={Springer}
}

@inproceedings{demertzi2011analyzing,
	title={Analyzing the effects of compiler optimizations on application reliability},
	author={Demertzi, Melina and Annavaram, Murali and Hall, Mary},
	booktitle={Workload Characterization (IISWC), 2011 IEEE International Symposium on},
	pages={184--193},
	year={2011},
	organization={IEEE}
}

@inproceedings{lin2008automatic,
	title={Automatic selection of GCC optimization options using a gene weighted genetic algorithm},
	author={Lin, San-Chih and Chang, Chi-Kuang and Lin, San-Chih},
	booktitle={Computer Systems Architecture Conference, 2008. ACSAC 2008. 13th Asia-Pacific},
	pages={1--8},
	year={2008},
	organization={IEEE}
}

@article{escobar2015evaluation,
	title={Evaluation of GCC Optimization Parameters},
	author={Escobar, Rodrigo D and Angula, Alekya R and Corsi, Mark},
	journal={Revista Ingenierias USBmed},
	volume={3},
	number={2},
	pages={31--39},
	year={2015}
}

@inproceedings{ibrahim2009compiler,
	title={Compiler-based optimizations impact on embedded software power consumption},
	author={Ibrahim, Mostafa EA and Rupp, Markus and Habib, SE-D},
	booktitle={Circuits and Systems and TAISA Conference, 2009. NEWCAS-TAISA'09. Joint IEEE North-East Workshop on},
	pages={1--4},
	year={2009},
	organization={IEEE}
}



@inproceedings{li2015rest,
	title={A REST Service Framework for Fine-Grained Resource Management in Container-Based Cloud},
	author={Li, Li and Tang, Tony and Chou, Wu},
	booktitle={Cloud Computing (CLOUD), 2015 IEEE 8th International Conference on},
	pages={645--652},
	year={2015},
	organization={IEEE}
}



@inproceedings{hoste2010automated,
	title={Automated just-in-time compiler tuning},
	author={Hoste, Kenneth and Georges, Andy and Eeckhout, Lieven},
	booktitle={Proceedings of the 8th annual IEEE/ACM international symposium on Code generation and optimization},
	pages={62--72},
	year={2010},
	organization={ACM}
}